
@misc{issue1,
  title = {OSPRAY parallel mode show process boundaries},
  note = {\url{https://gitlab.kitware.com/paraview/paraview/issues/18228}},
}

@misc{issue2,
  title = {OSPRay image downsampling issue in client-server interaction},
  note = {\url{https://gitlab.kitware.com/paraview/paraview/issues/18227}},
}

@article{fav18,
        author          = {J. M. Favre and A. Blass},
        title           = {Volume Renderings of Sheared Thermal Convection [video file]},
        url   = {https://youtu.be/yEj83O3hVv4}}


@article{bla19,
	author = {A. Blass and X. Zhu and R. Verzicco and D. Lohse and R. J. A. M. Stevens},
	title = {Flow organization and heat transfer in turbulent wall sheared thermal convection},
	volume		= {arXiv:1904.11400},
	year = {2019}
}