@article{Ahrens2005,
  author   = {James Ahrens and Berk Geveci and Charles Law},
  title     = {ParaView: An End-User Tool for Large Data Visualization},
  publisher = {Elsevier},
  year      = {2005},
}

@article{Moreland2011,
  author   = {Kenneth Moreland and Wesley Kendall and Tom Peterka and Jian Huang},
  title     = {An Image Compositing Solution at Scale},
  conference = {International Conference for High Performance Computing, Networking, Storage and Analysis (SC '11)},
  year      = {2011},
}

@misc{NVIDIAIndeX,
  title = {NVIDIA IndeX},
  note = {\url{https://developer.nvidia.com/index}},
}

@misc{OSPRay,
  title = {OSPRay: a Ray tracing Based Rendering engine for High-Fidelity Visualization},
  note = {\url{http://www.ospray.org/index.html}},
}

@article{bla18,
	author = {A. Blass and X. Zhu and R. Verzicco and D. Lohse and R. J. A. M. Stevens},
	title = {Direct numerical simulations of sheared thermal convection},
	journal = {in prep. for J. Fluid Mech.},
	year = {2018}
}

@article{poe15c,
	author = {E. P. van der Poel and R. Ostilla-M\'onico and J. Donners and R. Verzicco},
	title = {A pencil distributed finite difference code for strongly turbulent wall-bounded flows},
	journal	= {Computers \& Fluids},
	year = {2015},
	volume = {116},
	pages = {10-16}
}
